% Encoding: UTF-8

@Book{Adams1979,
  author    = {Adams, Douglas},
  publisher = {Pan Books},
  title     = {The Hitchhiker's Guide to the Galaxy},
  year      = {1979},
  isbn      = {0-330-25864-8},
}
